@Article{bib1,
     author    = "Angelopoulos, A. and others",
 collaboration = "CPLEAR",
     title     = "First direct observation of time-reversal violation",
     journal   = "AIP Conf. Proc.",
     volume    = "549",
     year      = "2002",
     pages     = "957-960",
     SLACcitation  = "%%CITATION = APCPC,549,957;%%",
     url ="http://www.slac.stanford.edu/spires/find/hep/wwwbriefbibtex?rawcmd=FIND+KEY+5425999&FORMAT=www&SEQUENCE="
}


@Article{bib2,
     author    = "Angelopoulos, A. and others",
 collaboration = "CPLEAR",
     title     = "First direct observation of time-reversal violation",
     journal   = "AIP Conf. Proc.",
     volume    = "549",
     year      = "2002",
     pages     = "957-960",
     SLACcitation  = "%%CITATION = APCPC,549,957;%%",
     url ="http://www.slac.stanford.edu/spires/find/hep/wwwbriefbibtex?rawcmd=FIND+KEY+5425999&FORMAT=www&SEQUENCE="
}


@Article{bib3,
     author    = "Angelopoulos, A. and others",
 collaboration = "CPLEAR",
     title     = "First direct observation of time-reversal violation",
     journal   = "AIP Conf. Proc.",
     volume    = "549",
     year      = "2002",
     pages     = "957-960",
     SLACcitation  = "%%CITATION = APCPC,549,957;%%",
     url ="http://www.slac.stanford.edu/spires/find/hep/wwwbriefbibtex?rawcmd=FIND+KEY+5425999&FORMAT=www&SEQUENCE="
}

